@inproceedings{klein2007parallel,
  title={Parallel tracking and mapping for small AR workspaces},
  author={Klein, Georg and Murray, David},
  booktitle={Mixed and Augmented Reality, 2007. ISMAR 2007. 6th IEEE and ACM International Symposium on},
  pages={225--234},
  year={2007},
  organization={IEEE}
}

@inproceedings{davison2003real,
  title={Real-time simultaneous localisation and mapping with a single camera},
  author={Davison, Andrew J},
  booktitle={Computer Vision, 2003. Proceedings. Ninth IEEE International Conference on},
  pages={1403--1410},
  year={2003},
  organization={IEEE}
}

@article{pollefeys2008detailed,
  title={Detailed real-time urban 3d reconstruction from video},
  author={Pollefeys, Marc and Nist{\'e}r, David and Frahm, J-M and Akbarzadeh, Amir and Mordohai, Philippos and Clipp, Brian and Engels, Chris and Gallup, David and Kim, S-J and Merrell, Paul and others},
  journal={International Journal of Computer Vision},
  volume={78},
  number={2-3},
  pages={143--167},
  year={2008},
  publisher={Springer}
}

@inproceedings{newcombe2010live,
  title={Live dense reconstruction with a single moving camera},
  author={Newcombe, Richard A and Davison, Andrew J},
  booktitle={Computer Vision and Pattern Recognition (CVPR), 2010 IEEE Conference on},
  pages={1498--1505},
  year={2010},
  organization={IEEE}
}

@inproceedings{kuhl2006monocular,
  title={Monocular 3D scene reconstruction at absolute scales by combination of geometric and real-aperture methods},
  author={Kuhl, Annika and W{\"o}hler, Christian and Kr{\"u}ger, Lars and dâ€™Angelo, Pablo and Gro{\ss}, Horst-Michael},
  booktitle={Joint Pattern Recognition Symposium},
  pages={607--616},
  year={2006},
  organization={Springer}
}

@article{magree2014monocular,
  title={Monocular visual mapping for obstacle avoidance on UAVs},
  author={Magree, Daniel and Mooney, John G and Johnson, Eric N},
  journal={Journal of Intelligent \& Robotic Systems},
  volume={74},
  number={1-2},
  pages={17--26},
  year={2014},
  publisher={Springer}
}

@inproceedings{geiger2011stereoscan,
  title={Stereoscan: Dense 3d reconstruction in real-time},
  author={Geiger, Andreas and Ziegler, Julius and Stiller, Christoph},
  booktitle={Intelligent Vehicles Symposium (IV), 2011 IEEE},
  pages={963--968},
  year={2011},
  organization={IEEE}
}

@inproceedings{mclauchlan2000batch,
  title={A batch/recursive algorithm for 3D scene reconstruction},
  author={McLauchlan, Philip F},
  booktitle={Computer Vision and Pattern Recognition, 2000. Proceedings. IEEE Conference on},
  volume={2},
  pages={738--743},
  year={2000},
  organization={IEEE}
}